<?xml version="1.0" encoding="UTF-8"?>
<collection xmlns:xsi="http://www.w3.org/2001/XMLSchema-instance" xsi:schemaLocation="http://www.loc.gov/MARC21/slim http://www.loc.gov/standards/marcxml/schema/MARC21slim.xsd" xmlns="http://www.loc.gov/MARC21/slim">
<record>
  <leader>00770cam a22002051  4500</leader>
  <controlfield tag="001">2665578</controlfield>
  <controlfield tag="003">NNC</controlfield>
  <controlfield tag="005">20160623143754.0</controlfield>
  <controlfield tag="008">000914s1953    sy            000 0 ara d</controlfield>
  <datafield tag="035" ind1=" " ind2=" ">
    <subfield code="a">(OCoLC)ocm45011466</subfield>
  </datafield>
  <datafield tag="035" ind1=" " ind2=" ">
    <subfield code="9">ARB3145CU</subfield>
  </datafield>
  <datafield tag="035" ind1=" " ind2=" ">
    <subfield code="a">(NNC)2665578</subfield>
  </datafield>
  <datafield tag="040" ind1=" " ind2=" ">
    <subfield code="a">ZCU</subfield>
    <subfield code="c">ZCU</subfield>
  </datafield>
  <datafield tag="090" ind1=" " ind2=" ">
    <subfield code="a">K0</subfield>
    <subfield code="b">.K439</subfield>
  </datafield>
  <datafield tag="100" ind1="1" ind2=" ">
    <subfield code="a">Khayyāṭah, Muḥammad Najīb,</subfield>
    <subfield code="d">1905-1967.</subfield>
  </datafield>
  <datafield tag="245" ind1="1" ind2="3">
    <subfield code="a">al-Riyād al-dhahabīyah, sharḥ matn al-Sirājīyah, bi-qalam Muḥammad Najīb Khayyāṭah.</subfield>
    <subfield code="b">al-Matn lil-Imām Sirāj al-Dīn Muḥammad ibn Muḥammad ibn ʻAbd al-Rashīd al-Sajāwandī, min ʻulamāʾ al-qarn al-sābiʻ hijrī.</subfield>
  </datafield>
  <datafield tag="260" ind1=" " ind2=" ">
    <subfield code="a">Ḥalab :</subfield>
    <subfield code="b">Aḥmad al-Maktabī,</subfield>
    <subfield code="c">1373 h., 1953 m.</subfield>
  </datafield>
  <datafield tag="300" ind1=" " ind2=" ">
    <subfield code="a">212 p.</subfield>
    <subfield code="c">24 cm.</subfield>
  </datafield>
  <datafield tag="500" ind1=" " ind2=" ">
    <subfield code="a">Cover title.</subfield>
  </datafield>
  <datafield tag="955" ind1=" " ind2=" ">
    <subfield code="b">CU70716420</subfield>
    <subfield code="d">off,glx</subfield>
    <subfield code="e">K .K439</subfield>
  </datafield>
</record>
</collection>